<record><leader>00000cas a2200000 a 4500</leader><controlfield tag="001">11991934</controlfield><controlfield tag="008">850502d18311836pauwr ne      0    0eng c</controlfield><datafield ind1=" " ind2=" " tag="010"><subfield code="a">sn 85054552 </subfield></datafield><datafield ind1=" " ind2=" " tag="040"><subfield code="a">NPH</subfield><subfield code="b">eng</subfield><subfield code="c">NPH</subfield><subfield code="d">DLC</subfield><subfield code="d">KNP</subfield><subfield code="d">WAU</subfield><subfield code="d">OCL</subfield><subfield code="d">DLC</subfield><subfield code="d">OCLCQ</subfield><subfield code="d">OCLCF</subfield></datafield><datafield ind1="1" ind2=" " tag="029"><subfield code="a">AU@</subfield><subfield code="b">000020126857</subfield></datafield><datafield ind1=" " ind2=" " tag="042"><subfield code="a">pcc</subfield></datafield><datafield ind1=" " ind2=" " tag="043"><subfield code="a">n-us-pa</subfield></datafield><datafield ind1="0" ind2="0" tag="050"><subfield code="a">Newspaper 9375-X</subfield></datafield><datafield ind1="0" ind2=" " tag="130"><subfield code="a">Genius of liberty (Uniontown, Pa. : 1831)</subfield></datafield><datafield ind1="1" ind2="4" tag="245"><subfield code="a">The Genius of liberty.</subfield></datafield><datafield ind1="1" ind2="3" tag="246"><subfield code="a">Genius</subfield></datafield><datafield ind1=" " ind2=" " tag="260"><subfield code="a">Union-town [Pa.] :</subfield><subfield code="b">Wm. H. Whitton</subfield></datafield><datafield ind1=" " ind2=" " tag="300"><subfield code="a">v. :</subfield><subfield code="b">ill. (chiefly advertisements) ;</subfield><subfield code="c">54 cm.</subfield></datafield><datafield ind1=" " ind2=" " tag="310"><subfield code="a">Weekly</subfield></datafield><datafield ind1="1" ind2=" " tag="362"><subfield code="a">Began in July 1831 ; ceased in 1836.</subfield></datafield><datafield ind1=" " ind2=" " tag="500"><subfield code="a">Published by: Wm. H. Whitton July 1831-&lt;Dec. 19 1831&gt;; Patton &amp; Littell, &lt;May 2, 1832&gt;; Alonzo L. Littell, &lt;July 11, 1832&gt;.</subfield></datafield><datafield ind1=" " ind2=" " tag="525"><subfield code="a">Includes occasional supplements.</subfield></datafield><datafield ind1=" " ind2=" " tag="588"><subfield code="a">Description based on: Vol. 9 = new ser., v. 3 (July 25, 1831) = whole no. 135-31.</subfield></datafield><datafield ind1=" " ind2="0" tag="651"><subfield code="a">Uniontown (Fayette County, Pa.)</subfield><subfield code="v">Newspapers.</subfield></datafield><datafield ind1=" " ind2="7" tag="655"><subfield code="a">Newspapers.</subfield><subfield code="2">fast</subfield><subfield code="0">(OCoLC)fst01423814</subfield></datafield><datafield ind1=" " ind2="7" tag="651"><subfield code="a">Pennsylvania</subfield><subfield code="z">Uniontown (Fayette County)</subfield><subfield code="2">fast</subfield><subfield code="0">(OCoLC)fst01312497</subfield></datafield><datafield ind1=" " ind2=" " tag="752"><subfield code="a">United States</subfield><subfield code="b">Pennsylvania</subfield><subfield code="c">Fayette</subfield><subfield code="d">Uniontown.</subfield></datafield><datafield ind1="0" ind2="0" tag="780"><subfield code="t">Genius of liberty, and Fayette &amp; Greene advertiser</subfield><subfield code="w">(DLC)sn 85054551</subfield><subfield code="w">(OCoLC)11992164</subfield></datafield><datafield ind1="0" ind2="7" tag="785"><subfield code="t">Democratic shield</subfield><subfield code="w">(DLC)sn 87080327</subfield><subfield code="w">(OCoLC)15897938</subfield></datafield><datafield ind1="0" ind2="7" tag="785"><subfield code="t">Genius of liberty and democratic shield</subfield><subfield code="w">(DLC)sn 85054553</subfield><subfield code="w">(OCoLC)11991908</subfield></datafield></record>